@misc{nosql10gen,
author = {10gen.com},
title = {What is NoSQL?},
year = 2013,
month = may,
howpublished = {http://www.10gen.com/nosql-inline}
}
}

@online{dynamodb,
title = {Amazon DynamoDB},
month = may,
year = 2013,
howpublished = {http://aws.amazon.com/dynamodb/}
}

@online{rapidminer,
title = {RapidMiner is freely available data mining software},
howpublished = {http://rapid-i.com/},
urldate = {2013-5-17}
}

@online{weka,
title = {Weka is freely available data mining software},
howpublished = {http://www.cs.waikato.ac.nz/ml/weka/},
urldate = {2013-5-17}
}

